<collection xmlns="http://www.loc.gov/MARC21/slim"><record><leader>01027nam  2200289   450</leader><controlfield tag="001">148</controlfield><controlfield tag="003">http://montalegre.opacnet.com/OPAC/default.aspx?ContentAreaControl=ShowRegHoldings.ascx&amp;RegNo=16662</controlfield><datafield tag="010" ind1=" " ind2=" "><subfield code="a">972-20-1020-4</subfield></datafield><datafield tag="021" ind1=" " ind2=" "><subfield code="a">PT</subfield><subfield code="b">60320/92</subfield></datafield><datafield tag="095" ind1=" " ind2=" "><subfield code="a">PTBN00387577</subfield></datafield><datafield tag="100" ind1=" " ind2=" "><subfield code="a">19920727d1992    m  y0pory0103    ba</subfield></datafield><datafield tag="101" ind1="1" ind2=" "><subfield code="a">por</subfield><subfield code="c">ita</subfield></datafield><datafield tag="102" ind1=" " ind2=" "><subfield code="a">PT</subfield></datafield><datafield tag="105" ind1=" " ind2=" "><subfield code="a">y   z   000ay</subfield></datafield><datafield tag="106" ind1=" " ind2=" "><subfield code="a">r</subfield></datafield><datafield tag="200" ind1="1" ind2=" "><subfield code="a">&lt;O &gt;atalho dos ninhos de aranha</subfield><subfield code="f">Italo Calvino</subfield><subfield code="g">trad. Maria do Carmo Abreu</subfield></datafield><datafield tag="205" ind1=" " ind2=" "><subfield code="a">1ª ed</subfield></datafield><datafield tag="210" ind1=" " ind2=" "><subfield code="a">Lisboa</subfield><subfield code="c">Dom Quixote</subfield><subfield code="d">1992</subfield></datafield><datafield tag="215" ind1=" " ind2=" "><subfield code="a">227 p.</subfield><subfield code="d">24 cm</subfield></datafield><datafield tag="225" ind1="2" ind2=" "><subfield code="a">Ficção universal</subfield><subfield code="v">112</subfield></datafield><datafield tag="304" ind1=" " ind2=" "><subfield code="a">Tít. orig. : Il sentiero dei nidi di ragno</subfield></datafield><datafield tag="325" ind1=" " ind2=" "><subfield code="a">Registo sonoro. Lido por Maria Elisa Pessoa Jorge. - Lisboa : BN, 1993. - 4 cassetes 90 min. (5 h. 24 min.)</subfield></datafield><datafield tag="675" ind1=" " ind2=" "><subfield code="a">850-31"19"</subfield><subfield code="v">BN</subfield><subfield code="z">por</subfield><subfield code="3">408169</subfield></datafield><datafield tag="700" ind1=" " ind2="1"><subfield code="a">Calvino</subfield><subfield code="b">Italo</subfield><subfield code="f">1923-1985</subfield><subfield code="3">19894</subfield></datafield><datafield tag="702" ind1=" " ind2="1"><subfield code="a">Abreu</subfield><subfield code="b">Maria do Carmo</subfield><subfield code="4">730</subfield><subfield code="3">1755</subfield></datafield><datafield tag="801" ind1=" " ind2="0"><subfield code="a">PT</subfield><subfield code="b">Biblioteca Municipal de Montalegre</subfield><subfield code="g">RPC</subfield></datafield><datafield tag="856" ind1=" " ind2=" "><subfield code="u">locateMedia.asp?cod=20060509145650&amp;ext=jpg</subfield><subfield code="z">CAPA</subfield></datafield><datafield tag="909" ind1="&#9;" ind2=" "><subfield code="a">1</subfield></datafield><datafield tag="966" ind1=" " ind2=" "><subfield code="a">0008470</subfield><subfield code="l">BMM</subfield><subfield code="s">SCG 821 CAL ata 112</subfield></datafield></record></collection>